<record><leader>00000cas a22000007a 4500</leader><controlfield tag="001">19092959</controlfield><controlfield tag="008">890201d18931903iduwr ne      0    0eng d</controlfield><datafield ind1=" " ind2=" " tag="010"><subfield code="a">sn 89055031 </subfield></datafield><datafield ind1=" " ind2=" " tag="040"><subfield code="a">NVB</subfield><subfield code="b">eng</subfield><subfield code="c">NVB</subfield><subfield code="d">OCLCQ</subfield><subfield code="d">OCLCF</subfield><subfield code="d">OCLCO</subfield></datafield><datafield ind1=" " ind2=" " tag="042"><subfield code="a">msc</subfield></datafield><datafield ind1=" " ind2=" " tag="043"><subfield code="a">n-us-id</subfield></datafield><datafield ind1="0" ind2=" " tag="130"><subfield code="a">Elmore County Republican (Mountain Home, Idaho : 1893)</subfield></datafield><datafield ind1="1" ind2="4" tag="245"><subfield code="a">The Elmore County Republican.</subfield></datafield><datafield ind1="1" ind2="7" tag="246"><subfield code="a">Republican</subfield></datafield><datafield ind1=" " ind2=" " tag="260"><subfield code="a">Mountain Home, Idaho :</subfield><subfield code="b">Mountain Home Pub. Co.</subfield></datafield><datafield ind1=" " ind2=" " tag="300"><subfield code="a">v.</subfield></datafield><datafield ind1=" " ind2=" " tag="310"><subfield code="a">Weekly</subfield></datafield><datafield ind1="1" ind2=" " tag="362"><subfield code="a">Began in 1893; ceased in 1903.</subfield></datafield><datafield ind1=" " ind2=" " tag="588"><subfield code="a">Description based on: Vol. 5, no. 46 (Aug. 23, 1894).</subfield></datafield><datafield ind1=" " ind2="0" tag="651"><subfield code="a">Mountain Home (Idaho)</subfield><subfield code="v">Newspapers.</subfield></datafield><datafield ind1=" " ind2="7" tag="655"><subfield code="a">Newspapers.</subfield><subfield code="2">fast</subfield><subfield code="0">(OCoLC)fst01423814</subfield></datafield><datafield ind1=" " ind2="7" tag="651"><subfield code="a">Idaho</subfield><subfield code="z">Mountain Home.</subfield><subfield code="2">fast</subfield><subfield code="0">(OCoLC)fst01220477</subfield></datafield><datafield ind1=" " ind2=" " tag="752"><subfield code="a">United States</subfield><subfield code="b">Idaho</subfield><subfield code="c">Elmore</subfield><subfield code="d">Mountain Home.</subfield></datafield><datafield ind1="0" ind2="0" tag="780"><subfield code="t">Range and valley (Mountain Home, Idaho : 1889)</subfield></datafield><datafield ind1="0" ind2="0" tag="785"><subfield code="t">Republican (Mountain Home, Idaho)</subfield><subfield code="w">(DLC)sn 86091061</subfield></datafield></record>